<record><leader>00000cas a22000007a 4500</leader><controlfield tag="001">12961244</controlfield><controlfield tag="008">851231d19121913aludr ne      0    0eng d</controlfield><datafield ind1=" " ind2=" " tag="010"><subfield code="a">sn 85045154 </subfield></datafield><datafield ind1=" " ind2=" " tag="040"><subfield code="a">AAR</subfield><subfield code="b">eng</subfield><subfield code="c">AAR</subfield><subfield code="d">CPN</subfield><subfield code="d">OCLCQ</subfield></datafield><datafield ind1=" " ind2=" " tag="042"><subfield code="a">msc</subfield></datafield><datafield ind1="0" ind2="4" tag="245"><subfield code="a">The Star and hot blast.</subfield></datafield><datafield ind1=" " ind2=" " tag="260"><subfield code="a">Anniston, Ala. :</subfield><subfield code="b">Consolidated Pub. Co.,</subfield><subfield code="c">1912-1913.</subfield></datafield><datafield ind1=" " ind2=" " tag="300"><subfield code="a">v. :</subfield><subfield code="b">ill. ;</subfield><subfield code="c">64 cm.</subfield></datafield><datafield ind1=" " ind2=" " tag="310"><subfield code="a">Daily</subfield></datafield><datafield ind1="0" ind2=" " tag="362"><subfield code="a">Vol. 30, no. 294 (Oct. 2, 1912)-v. 32, no. 4 (Oct. 31, 1913).</subfield></datafield><datafield ind1=" " ind2=" " tag="500"><subfield code="a">Editor: H.M. Ayers.</subfield></datafield><datafield ind1=" " ind2=" " tag="515"><subfield code="a">Numbering is irregular.</subfield></datafield><datafield ind1=" " ind2=" " tag="752"><subfield code="a">United States</subfield><subfield code="b">Alabama</subfield><subfield code="c">Calhoun</subfield><subfield code="d">Anniston.</subfield></datafield><datafield ind1="0" ind2="4" tag="780"><subfield code="t">Anniston daily hot blast</subfield><subfield code="w">(DLC)sn 85045148</subfield></datafield><datafield ind1="0" ind2="4" tag="780"><subfield code="t">Anniston evening star</subfield><subfield code="w">(DLC)sn 85045149</subfield></datafield><datafield ind1="0" ind2="0" tag="785"><subfield code="t">Anniston evening star and the daily hot blast</subfield><subfield code="w">(DLC)sn 85045155</subfield></datafield><datafield ind1="1" ind2=" " tag="029"><subfield code="a">AU@</subfield><subfield code="b">000025835065</subfield></datafield></record>